@misc{dra,
    author={Schaeffer E.},
    year=2021,
    title={Interacción de partículas},
    url= {https://github.com/satuelisa/Simulation/blob/master/Particles/creation.py}
}
@Manual{Python,
    author={Rossum G.},
    year=2021,
    title={Python},
    organization={Python Software Foundation},
    url={https://www.python.org/}
}   
@misc{Edson,
    author={Samaniego E.},
    year=2021,
    title={Práctica 9},
    url={https://github.com/edson-samaniego/simulation-2021/tree/main/Pr%C3%A1ctica-9}
}
@manual{elisa,
    author={Schaeffer E. },
    year=2021,
    title={Práctica 9},
    url={https://elisa.dyndns-web.com/teaching/comp/par/p9.html}
}
@misc{GIPHY,
    author={Cooke J.},
    year=2013,
    title={GIPHY},
    url={http://www.giphy.com/}
}   