@misc{dra,
    author={E. Schaeffer},
    year=2021,
    title={Controlling the number of cores},
    url= {https://github.com/satuelisa/Simulation/blob/master/QueuingTheory/ordering.py}
}
@Manual{Python,
    author={Guido van Rossum},
    year=2021,
    title={Python},
    organization={Python Software Foundation},
    url={https://www.python.org/}
}   
@misc{Edson,
    author={E. Samaniego},
    year=2021,
    title={Pr√°ctica3:Teoria de {c}olas},
    url={https://github.com/edson-samaniego/simulation-2021/tree/main/Pr%C3%A1ctica-3}
    
}@manual{primos,
    author={Chris Caldwell },
    year=2021,
    title={PrimePages},
    url={https://primes.utm.edu/lists/small/millions/}
    }
