@misc{dra,
    author={Schaeffer E.},
    year=2021,
    title={Diagramas de Voronoi-fractura},
    url= {https://github.com/satuelisa/Simulation/blob/master/VoronoiDiagrams/fracture.py}
}
@Manual{Python,
    author={Rossum G.},
    year=2021,
    title={Python},
    organization={Python Software Foundation},
    url={https://www.python.org/}
}   
@misc{Edson,
    author={Samaniego E.},
    year=2021,
    title={Práctica 4},
    url={https://github.com/edson-samaniego/simulation-2021/tree/main/Pr%C3%A1ctica-4}
}
@manual{elisa,
    author={Schaeffer E. },
    year=2021,
    title={Práctica 4},
    url={https://elisa.dyndns-web.com/teaching/comp/par/p4.html}
}
    
@misc{imgVOR,
    author={Wales J. },
    year=2021,
    title={Diagrama de Voronoi},
    url={https://en.wikipedia.org/wiki/Voronoi_diagram}
}
@misc{GIPHY,
    author={{C}ooke J.},
    year=2013,
    title={GIPHY},
    url={http://www.giphy.com/}
}