@misc{elisa, 
    title={Práctica 1},
    note ="\url{https://elisa.dyndns-web.com/teaching/comp/par/p1.html}", 
    journal={P1 - Simulación - Schaeffer}, 
    author={Schaeffer, Elisa}, 
    year=2021, 
    month={febrero}
}
@Manual{python,
    title = {Python}, 
    organization = {{Python Software Foundation}},
    author = {Guido van Rossum}, 
    address = {Países Bajos},
    year = {2021},
    url = {https://www.python.org/}
}   
@manual{python,
    title = {entrenamiento python basico},
    organization = {{covantec}},
    year = {2021},
    url = {https://entrenamiento-python-basico.readthedocs.io/es/latest/}
}