@misc{dra,
    author={E. Schaeffer},
    year=2021,
    title={Pr치ctica 1: Movimiento {B}rowniano},
    url={https://elisa.dyndns-web.com/teaching/comp/par/p1.html}
}
@Manual{Python,
    author={Guido van Rossum},
    year=2021,
    title={Python},
    organization={Python Software Foundation},
    url={https://www.python.org/}
}   
@manual{Python2,
    title = {Programaci칩n en Python-Nivel b치sico},
    organization = {{COVANTEC}},
    year = {2021},
    url = {https://entrenamiento-python-basico.readthedocs.io/es/latest/}
}
@misc{Edson,
    author={E. Samaniego},
    year=2021,
    title={Pr치ctica1: Movimiento {B}rowniano},
    url={https://github.com/edson-samaniego/simulation-2021/blob/main/Practica-1/practica1.py}
}