@misc{dra,
    author={Schaeffer E.},
    year=2021,
    title={Frentes de {P}areto},
    url= {https://github.com/satuelisa/Simulation/tree/master/ParetoFronts}
}
@Manual{Python,
    author={Rossum G.},
    year=2021,
    title={Python},
    organization={Python Software Foundation},
    url={https://www.python.org/}
}   
@misc{Edson,
    author={Samaniego E.},
    year=2021,
    title={Práctica 11},
    url={https://github.com/edson-samaniego/simulation-2021/tree/main/Pr%C3%A1ctica-11}
}
@manual{elisa,
    author={Schaeffer E. },
    year=2021,
    title={Práctica 11},
    url={https://elisa.dyndns-web.com/teaching/comp/par/p11.html}
}
