@misc{dra,
    author={Schaeffer E.},
    year=2021,
    title={Red neuronal.},
    url= {https://github.com/satuelisa/Simulation/blob/master/NeuralNetwork/ann.py}
}
@Manual{Python,
    author={Rossum G.},
    year=2021,
    title={Python},
    organization={Python Software Foundation},
    url={https://www.python.org/}
}   
@misc{Edson,
    author={Samaniego E.},
    year=2021,
    title={Práctica 12},
    url={https://github.com/edson-samaniego/simulation-2021/tree/main/Practica-12}
}
@manual{elisa,
    author={Schaeffer E. },
    year=2021,
    title={Práctica 12},
    url={https://elisa.dyndns-web.com/teaching/comp/par/p12.html}
}