@Manual{Python,
    author={Guido van Rossum},
    year=2021,
    title={Python},
    organization={Python Software Foundation},
    url={https://www.python.org/}
}   
@manual{Python2,
    title = {Programación en Python-Nivel básico},
    organization = {{COVANTEC}},
    year = {2021},
    url = {https://entrenamiento-python-basico.readthedocs.io/es/latest/}
}
@misc{Edson,
    author={E. Samaniego},
    year=2021,
    title={Práctica2: Automata {c}elular },
    url={https://github.com/edson-samaniego/simulation-2021/tree/main/Pr%C3%A1ctica-2}
}
@misc{GIPHY,
    author={Jace {C}ooke},
    year=2013,
    title={GIPHY},
    url={http://www.giphy.com/}
}
@misc{dra,
    author={E. Schaeffer},
    year=2021,
    title={gameOfLife},
    url={https://github.com/satuelisa/Simulation/blob/master/CellularAutomata/gameOfLife.py}
}
