@misc{DV,
    author={Schaeffer E.},
    year=2021,
    title={Diagramas de {V}oronoi},
    url= {https://elisa.dyndns-web.com/teaching/comp/par/p4.html}
}
@Manual{Python,
    author={Rossum G.},
    year=2021,
    title={Python},
    organization={Python Software Foundation},
    url={https://www.python.org/}
}   
@misc{Edson,
    author={Samaniego E.},
    year=2021,
    title={Práctica 12},
    url={https://github.com/edson-samaniego/simulation-2021/tree/main/Practica-12}
}
@misc{IP,
    author={Schaeffer E. },
    year=2021,
    title={Interacción entre partículas},
    url={https://elisa.dyndns-web.com/teaching/comp/par/p9.html}
}
@book{book1,
	edition = {Sexta edición},
	title = {Principios de análisis instrumental.},
	publisher = {Cengage {L}earning},
	isbn = {8448127757.},
	author = {Skoog D. \& Holler J.},
	year = {2008}
}
@book{book2,
	title = {Ciencia e ingeniería de materiales},
	publisher = {ITP},
	isbn = {9789706863614},
	author = {Askeland {D}.},
	year = {1998}
}
@misc{dra,
    author={Schaeffer E.},
    year=2021,
    title={Simulación},
    url= {https://elisa.dyndns-web.com/teaching/comp/par/index.html}
}
@misc{pandas,
    author={McKinney W.},
    year=2008,
    title={Librería pandas},
    url={https://pandas.pydata.org/}
}
@misc{numpy,
    author={Oliphant T.},
    year=2005,
    title={Librería numpy},
    url={https://numpy.org/}
}
@misc{matplot,
    author={Hunter J.},
    year=2003,
    title={Librería matplotlib},
    url={https://matplotlib.org/stable/tutorials/introductory/pyplot.html}
}
@misc{GIPHY,
    author={Cooke J.},
    year=2013,
    title={GIPHY},
    url={http://www.giphy.com/}
}  
@article{TGA,
title = {Unlocking thermogravimetric analysis (TGA) in the fight against “Fake graphene” materials.},
journal = {C},
volume = {179},
pages = {505-513.},
year = {2021},
doi={10.1016/j.carbon.2021.04.064},
author = {Farivar F.},
}