@misc{dra,
    author={Schaeffer E.},
    year=2021,
    title={Algoritmo genético},
    url= {https://github.com/satuelisa/Simulation/tree/master/GeneticAlgorithm}
}
@Manual{Python,
    author={Rossum G.},
    year=2021,
    title={Python},
    organization={Python Software Foundation},
    url={https://www.python.org/}
}   
@misc{Edson,
    author={Samaniego E.},
    year=2021,
    title={Práctica 10},
    url={https://github.com/edson-samaniego/simulation-2021/tree/main/Pr%C3%A1ctica-10}
}
@manual{elisa,
    author={Schaeffer E. },
    year=2021,
    title={Práctica 10},
    url={https://elisa.dyndns-web.com/teaching/comp/par/p10.html}
}
