@misc{dra,
    author={Schaeffer E.},
    year=2021,
    title={Monte-Carlo},
    url= {https://github.com/satuelisa/Simulation/blob/master/MonteCarlo/integral.py}
}
@Manual{Python,
    author={Rossum G.},
    year=2021,
    title={Python},
    organization={Python Software Foundation},
    url={https://www.python.org/}
}   
@misc{Edson,
    author={Samaniego E.},
    year=2021,
    title={Práctica 5},
    url={https://github.com/edson-samaniego/simulation-2021/tree/main/Pr%C3%A1ctica-5}
}
@manual{elisa,
    author={Schaeffer E. },
    year=2021,
    title={Práctica 5},
    url={https://elisa.dyndns-web.com/teaching/comp/par/p5.html}
}
    
@misc{WA,
    author={Wolfram S. },
    year=2021,
    title={Wolfram Alpha},
    url={https://www.wolframalpha.com/input/?i=integrate+%282%2Fpi%29+*+%281%2F%28exp%28x%29%2Bexp%28-x%29%29%29+from+-infty+to+infty}
}
